@article{ni2019community,
	title={Community detection on networks with ricci flow},
	author={Ni, Chien-Chun and Lin, Yu-Yao and Luo, Feng and Gao, Jie},
	journal={Scientific reports},
	volume={9},
	number={1},
	pages={1--12},
	year={2019},
	publisher={Nature Publishing Group}
}

@article{Joshi2007EnergyMF,
	title={Energy Minimizers for Curvature-Based Surface Functionals},
	author={Pushkar Joshi and Carlo H. S{\'e}quin},
	journal={Computer-aided Design and Applications},
	year={2007},
	volume={4},
	pages={607-617},
	url={https://api.semanticscholar.org/CorpusID:14791150}
}